@unpublished{pontenotes,
	author = "Pedro Ponte Casta{\~n}eda",
	title = "Heterogeneous materials",
	note = "Lecture Notes, Ecole Polytechnique, Department of Mechanics, ISBN
		2 - 7302 - 1267 - 1"
}

@article{hussein14,
	author = "Mahmoud I. Hussein and Michael J. Leamy and Massimo Ruzzene",
	title = "Dynamics of Phononic Materials and Structures: Historical Origins,
	Recent Progress, and Future Outlook",
	journal = "Applied Mechanics Reviews",
	volume = "66",
	year = "2014"
}

@book{laude15,
	author = "Vincent Laude",
	title = "Phononic Crystals : Artificial Crystals for Sonic, Acoustic, and 
	Elastic Waves",
	year = "2015"
}

@article{wang2014,
	title={Harnessing Buckling to Design Tunable Locally Resonant Acoustic 
	Metamaterials},
	author={Pai Wang and Filippo Casadei and Sicong Shan and James C. Weaver 
	and Katia Bertoldi},
	journal={Physical review letters},
	volume={113},
	year={2014},
	publisher={APS}
}

@article{cao04,
	title = "Convergence problem of plane-wave expansion method for phononic 
	crystals",
	journal = "Physics Letters A",
	volume = "327",
	number = "2",
	pages = "247 - 253",
	year = "2004",
	issn = "0375-9601",
	doi = "https://doi.org/10.1016/j.physleta.2004.05.030",
	url = "http://www.sciencedirect.com/science/article/pii/S0375960104007029",
	author = "Yongjun Cao and Zhilin Hou and Youyan Liu",
	keywords = "Phononic crystal, Convergence problem"
}

@article{elachi76, 
	author={C. Elachi}, 
	journal={Proceedings of the IEEE}, 
	title={Waves in active and passive periodic structures: A review}, 
	year={1976}, 
	volume={64}, 
	number={12}, 
	pages={1666-1698}, 
	keywords={Acoustic pulses;Acoustic scattering;Couplings;Liquid 
	crystals;Nonhomogeneous media;Ocean temperature;Optical pulses;Optical 
	scattering;Particle scattering;Periodic structures}, 
	doi={10.1109/PROC.1976.10409}, 
	ISSN={0018-9219}, 
	month={Dec},}

@book{magnus79,
	author = "Wilhelm Magnus and Stanley Winkler",
	title = "Hill's Equation",
	year = "1979"
}